% This file was created with JabRef 2.10.
% Encoding: UTF8

@INPROCEEDINGS{Jeff,
  author =       {Jeff Forristal (signing as rain.forest.puppy)},
  title =        {{NT Web Technology Vulnerabilities}},
  booktitle =    {Phrack Magazine 8 (54 (article 8))},
  month =        {December},
  year =         {1998}
}

@article{differential,
  author =      {Paul Kocher, Joshua Ja and Benjamin Jun},
  title =        {{"Differential Power Analysis"}},
  journal =    {Proceedings of the 19th Annual International Cryptology Conference on Advances in Cryptology},
  year =         {1999}
}

@article{md5_break,
  author =      {Xiaoyun Wang and Hongbo Yu},
  title =        {"How to Break MD5 and Other Hash Functions"},
  journal =    {Advances in Cryptology–EUROCRYPT 2005. Springer Berlin Heidelberg},
  year =         {2005},
  pages =       {19-35}
}

@article{mifare_break,
  author    = {Gerhard de Koning Gans and
               Jaap{-}Henk Hoepman and
               Flavio D. Garcia},
  title     = {A Practical Attack on the {MIFARE} Classic},
  journal   = {CoRR},
  volume    = {abs/0803.2285},
  year      = {2008},
  url       = {http://arxiv.org/abs/0803.2285},
  timestamp = {Mon, 05 Dec 2011 18:05:33 +0100},
  biburl    = {http://dblp.uni-trier.de/rec/bib/journals/corr/abs-0803-2285},
  bibsource = {dblp computer science bibliography, http://dblp.org}
}

@INPROCEEDINGS{halfond06mar,
  author =       {William G.J. Halfond and Jeremy Viegas and Alessandro Orso},
  title =        {{A Classification of SQL-Injection Attacks and Countermeasures}},
  booktitle =    {Proceedings of the IEEE International Symposium on Secure Software Engineering},
  OPTpages =     {},
  address =      {Arlington, VA, USA},
  month =        {March},
  year =         {2006}
}


@misc{Aucsmith,
  author = {D. Aucsmith},
  title = {Creating and Maintaining Software that Resists Malicious Attack.},
  year = 2004,
  howpublished = "\url{www.gtisc.gatech.edu/bio aucsmith.html}"
}


@misc{TO,
  author = {T. O. Foundation.},
  title = {Top Ten Most Critical Web Application},
  year = 2005,
  howpublished = "\url{www.owasp.org/documentation/topten.html}"
}


@misc{symantec,
  author =       {Symantec Corp.},
  title =        {{Symantec Internet Security Threat Report Trends for July–December 07}},
  OPTpages =     {1 - 3},
  month =        {April},
  year =         {2008},
  howpublished = "\url{http://eval.symantec.com/mktginfo/enterprise/white_papers/b-whitepaper_exec_summary_internet_security_threat_report_xiii_04-2008.en-us.pdf}"
}

@misc{Michael,
  author = {Michael Cobb},
  title = {Five common Web application vulnerabilities and how to avoid them},
  year = 2013,
  howpublished = "\url{http://searchsecurity.techtarget.com/tip/Five-common-Web-application-vulnerabilities-and-how-to-avoid-them}"
}

@misc{phpini,
  author = {PHP Manual},
  title = {The configuration file},
  howpublished = "\url{http://php.net/manual/en/configuration.file.php}"
}


@misc{exposephp,
  author = {PHP Security Consortium},
  title = {PhpSecInfo Test Information: expose php},
  year = 2006,
  howpublished = "\url{http://phpsec.org/projects/phpsecinfo/tests/expose_php.html}"
}


@misc{postmaxsize,
  author = {PHP Security Consortium},
  title = {PhpSecInfo Test Information: post max size},
  year = 2006,
  howpublished = "\url{http://phpsec.org/projects/phpsecinfo/tests/post_max_size.html}"
}



@misc{Test,
  author = {Test},
  title = {TEST TEST},
  year = 212123,
  howpublished = "\url{www.google.com/}"
}


@misc{PS3_Jailbreak,
  title = {Wikipedia: PlayStation Jailbreak},
  year = 2012,
  howpublished = "\url{https://en.wikipedia.org/wiki/PlayStation_Jailbreak}"
}


@misc{ECDSA,
  title = {Wikipedia: Elliptic Curve Digital Signature Algorithm},
  howpublished = "\url{https://en.wikipedia.org/wiki/Elliptic_Curve_Digital_Signature_Algorithm}"
}

@misc{NIST,
  title = {National Institute of Standards and Technology},
  howpublished = "\url{http://www.nist.gov/}"
}

@misc{LAMP,
  title = {Wikipedia: LAMP (software bundle)},
  howpublished = "\url{https://en.wikipedia.org/wiki/LAMP_(software_bundle)}"
}

@misc{PHPusuage,
  title = {W3Techs - World Wide Web Technology Surveys},
  howpublished = "\url{http://w3techs.com/}"
}

@misc{MySQL_privilage,
  title = {The MySQL Access Privilege System},
  howpublished = "\url{http://dev.mysql.com/doc/refman/5.7/en/privilege-system.html}"
}

@misc{MySQL_privilage_detail,
  title = {Privileges Provided by MySQL},
  howpublished = "\url{https://dev.mysql.com/doc/mysql-security-excerpt/5.7/en/privileges-provided.html}"
}

@misc{least_privilege,
  title = {Wikipedia: Principle of least privilege},
  howpublished = "\url{https://en.wikipedia.org/wiki/Principle_of_least_privilege}"
}

@misc{ApachePopularity,
  title = {Historical trends in the usage of web servers for websites},
  howpublished = "\url{http://w3techs.com/technologies/history_overview/web_server}"
}

@inproceedings{whitelist,
 author = {Ringenburg, Michael F. and Grossman, Dan},
 title = {Preventing Format-string Attacks via Automatic and Efficient Dynamic Checking},
 booktitle = {Proceedings of the 12th ACM Conference on Computer and Communications Security},
 series = {CCS '05},
 year = {2005},
 isbn = {1-59593-226-7},
 location = {Alexandria, VA, USA},
 pages = {354--363},
 numpages = {10},
 acmid = {1102166},
 publisher = {ACM},
 address = {New York, NY, USA},
 keywords = {dynamic checking, format-string attacks, static analysis, white-lists},
} 

@misc{outputvalidation,
  title = {OUTPUT VALIDATION},
  howpublished = "\url{https://www.securityninja.co.uk/secure-development/output-validation/}"
}

@misc{XSS,
  title = {Prevent cross-site scripting attacks by encoding HTML responses},
  howpublished = "\url{http://www.ibm.com/developerworks/library/se-prevent/}"
}

@inproceedings{contextencoding,
 author = {Zeng, Qiang and Rhee, Junghwan and Zhang, Hui and Arora, Nipun and Jiang, Guofei and Liu, Peng},
 title = {DeltaPath: Precise and Scalable Calling Context Encoding},
 booktitle = {Proceedings of Annual IEEE/ACM International Symposium on Code Generation and Optimization},
 series = {CGO '14},
 year = {2014},
 isbn = {978-1-4503-2670-4},
 location = {Orlando, FL, USA},
 pages = {109:109--109:119},
 articleno = {109},
 numpages = {11},
 acmid = {2544150},
 publisher = {ACM},
 address = {New York, NY, USA},
 keywords = {Calling context encoding, object-oriented programming},
} 

@misc{htmlspecialchars,
  title = {PHP Manual: htmlspecialchars},
  howpublished = "\url{http://php.net/manual/en/function.htmlspecialchars.php}"
}
