% This file was created with JabRef 2.10.
% Encoding: UTF8

@INPROCEEDINGS{Jeff,
  author =       {Jeff Forristal (signing as rain.forest.puppy)},
  title =        {{NT Web Technology Vulnerabilities}},
  booktitle =    {Phrack Magazine 8 (54 (article 8))},
  month =        {December},
  year =         {1998},
}


@INPROCEEDINGS{halfond06mar,
  author =       {William G.J. Halfond and Jeremy Viegas and Alessandro Orso},
  title =        {{A Classification of SQL-Injection Attacks and Countermeasures}},
  booktitle =    {Proceedings of the IEEE International Symposium on Secure Software Engineering},
  OPTpages =     {},
  address =      {Arlington, VA, USA},
  month =        {March},
  year =         {2006},
}


@misc{Aucsmith,
  author = {D. Aucsmith},
  title = {Creating and Maintaining Software that Resists Malicious Attack.},
  year = 2004,
  howpublished = "\url{www.gtisc.gatech.edu/bio aucsmith.html}"
}


@misc{TO,
  author = {T. O. Foundation.},
  title = {Top Ten Most Critical Web Application},
  year = 2005,
  howpublished = "\url{www.owasp.org/documentation/topten.html}"
}


@misc{symantec,
  author =       {Symantec Corp.},
  title =        {{Symantec Internet Security Threat Report Trends for Julyâ€“December 07}},
  OPTpages =     {1 - 3},
  month =        {April},
  year =         {2008},
  howpublished = "\url{http://eval.symantec.com/mktginfo/enterprise/white_papers/b-whitepaper_exec_summary_internet_security_threat_report_xiii_04-2008.en-us.pdf}"
}

@misc{Michael,
  author = {Michael Cobb},
  title = {Five common Web application vulnerabilities and how to avoid them},
  year = 2013,
  howpublished = "\url{http://searchsecurity.techtarget.com/tip/Five-common-Web-application-vulnerabilities-and-how-to-avoid-them}"
}

