% This file was created with JabRef 2.10.
% Encoding: UTF8

@INPROCEEDINGS{Jeff,
  author =       {Jeff Forristal (signing as rain.forest.puppy)},
  title =        {{NT Web Technology Vulnerabilities}},
  booktitle =    {Phrack Magazine 8 (54 (article 8))},
  month =        {December},
  year =         {1998}
}

@article{differential,
  author =      {Paul Kocher, Joshua Ja and Benjamin Jun},
  title =        {{"Differential Power Analysis"}},
  journal =    {Proceedings of the 19th Annual International Cryptology Conference on Advances in Cryptology},
  year =         {1999}
}

@article{md5_break,
  author =      {Xiaoyun Wang and Hongbo Yu},
  title =        {"How to Break MD5 and Other Hash Functions"},
  journal =    {Advances in Cryptology–EUROCRYPT 2005. Springer Berlin Heidelberg},
  year =         {2005},
  pages =       {19-35}
}

@article{mifare_break,
  author    = {Gerhard de Koning Gans and
               Jaap{-}Henk Hoepman and
               Flavio D. Garcia},
  title     = {A Practical Attack on the {MIFARE} Classic},
  journal   = {CoRR},
  volume    = {abs/0803.2285},
  year      = {2008},
  url       = {http://arxiv.org/abs/0803.2285},
  timestamp = {Mon, 05 Dec 2011 18:05:33 +0100},
  biburl    = {http://dblp.uni-trier.de/rec/bib/journals/corr/abs-0803-2285},
  bibsource = {dblp computer science bibliography, http://dblp.org}
}

@INPROCEEDINGS{halfond06mar,
  author =       {William G.J. Halfond and Jeremy Viegas and Alessandro Orso},
  title =        {{A Classification of SQL-Injection Attacks and Countermeasures}},
  booktitle =    {Proceedings of the IEEE International Symposium on Secure Software Engineering},
  OPTpages =     {},
  address =      {Arlington, VA, USA},
  month =        {March},
  year =         {2006}
}


@misc{Aucsmith,
  author = {D. Aucsmith},
  title = {Creating and Maintaining Software that Resists Malicious Attack.},
  year = 2004,
  howpublished = "\url{www.gtisc.gatech.edu/bio aucsmith.html}"
}


@misc{TO,
  author = {T. O. Foundation.},
  title = {Top Ten Most Critical Web Application},
  year = 2005,
  howpublished = "\url{www.owasp.org/documentation/topten.html}"
}


@misc{symantec,
  author =       {Symantec Corp.},
  title =        {{Symantec Internet Security Threat Report Trends for July–December 07}},
  OPTpages =     {1 - 3},
  month =        {April},
  year =         {2008},
  howpublished = "\url{http://eval.symantec.com/mktginfo/enterprise/white_papers/b-whitepaper_exec_summary_internet_security_threat_report_xiii_04-2008.en-us.pdf}"
}

@misc{Michael,
  author = {Michael Cobb},
  title = {Five common Web application vulnerabilities and how to avoid them},
  year = 2013,
  howpublished = "\url{http://searchsecurity.techtarget.com/tip/Five-common-Web-application-vulnerabilities-and-how-to-avoid-them}"
}

@misc{phpini,
  author = {PHP Manual},
  title = {The configuration file},
  howpublished = "\url{http://php.net/manual/en/configuration.file.php}"
}


@misc{exposephp,
  author = {PHP Security Consortium},
  title = {PhpSecInfo Test Information: expose php},
  year = 2006,
  howpublished = "\url{http://phpsec.org/projects/phpsecinfo/tests/expose_php.html}"
}


@misc{postmaxsize,
  author = {PHP Security Consortium},
  title = {PhpSecInfo Test Information: post max size},
  year = 2006,
  howpublished = "\url{http://phpsec.org/projects/phpsecinfo/tests/post_max_size.html}"
}



@misc{Test,
  author = {Test},
  title = {TEST TEST},
  year = 212123,
  howpublished = "\url{www.google.com/}"
}


@misc{PS3_Jailbreak,
  title = {Wikipedia: PlayStation Jailbreak},
  year = 2012,
  howpublished = "\url{https://en.wikipedia.org/wiki/PlayStation_Jailbreak}"
}


@misc{ECDSA,
  title = {Wikipedia: Elliptic Curve Digital Signature Algorithm},
  howpublished = "\url{https://en.wikipedia.org/wiki/Elliptic_Curve_Digital_Signature_Algorithm}"
}

@misc{NIST,
  title = {National Institute of Standards and Technology},
  howpublished = "\url{http://www.nist.gov/}"
}

@misc{LAMP,
  title = {Wikipedia: LAMP (software bundle)},
  howpublished = "\url{https://en.wikipedia.org/wiki/LAMP_(software_bundle)}"
}
